@book{knuth:texbook,
  author = {Knuth, Donald Ervin},
  year = {1996},
  title = {The TeXbook},
  publisher = {AMS and Addison-Wesley},
  isbn = {0-201-13447-0},
  url = {https://www-cs-faculty.stanford.edu/~knuth/abcde.html},
}
