@article{anantrasirichai2018application,
  title={Application of machine learning to classification of volcanic deformation in routinely generated InSAR data},
  author={Anantrasirichai, Nantheera and Biggs, Juliet and Albino, Fabien and Hill, P and Bull, D},
  journal={Journal of Geophysical Research: Solid Earth},
  volume={123},
  number={8},
  pages={6592--6606},
  year={2018},
  publisher={Wiley Online Library}
}


