
# Scale space 
@incollection{witkin1987scale,
  title={Scale-space filtering},
  author={Witkin, Andrew P},
  booktitle={Readings in Computer Vision},
  pages={329--332},
  year={1987},
  publisher={Elsevier}
}

@article{koenderink1984structure,
  title={The structure of images},
  author={Koenderink, Jan J},
  journal={Biological cybernetics},
  volume={50},
  number={5},
  pages={363--370},
  year={1984},
  publisher={Springer}
}

@article{lindeberg1998feature,
  title={Feature detection with automatic scale selection},
  author={Lindeberg, Tony},
  journal={International journal of computer vision},
  volume={30},
  number={2},
  pages={79--116},
  year={1998},
  publisher={Springer}
}

@article{lowe2004distinctive,
  title={Distinctive image features from scale-invariant keypoints},
  author={Lowe, David G},
  journal={International journal of computer vision},
  volume={60},
  number={2},
  pages={91--110},
  year={2004},
  publisher={Springer}
}


@article{lindeberg_scale_2013,
	title = {Scale {Selection} {Properties} of {Generalized} {Scale}-{Space} {Interest} {Point} {Detectors}},
	volume = {46},
	issn = {0924-9907, 1573-7683},
	url = {http://link.springer.com/10.1007/s10851-012-0378-3},
	doi = {10.1007/s10851-012-0378-3},
	language = {en},
	number = {2},
	urldate = {2021-02-09},
	journal = {Journal of Mathematical Imaging and Vision},
	author = {Lindeberg, Tony},
	month = jun,
	year = {2013},
	pages = {177--210},
}

@incollection{leonardis_surf_2006,
	address = {Berlin, Heidelberg},
	title = {{SURF}: {Speeded} {Up} {Robust} {Features}},
	volume = {3951},
	isbn = {978-3-540-33832-1 978-3-540-33833-8},
	shorttitle = {{SURF}},
	url = {http://link.springer.com/10.1007/11744023_32},
	language = {en},
	urldate = {2021-02-09},
	booktitle = {Computer {Vision} – {ECCV} 2006},
	publisher = {Springer Berlin Heidelberg},
	author = {Bay, Herbert and Tuytelaars, Tinne and Van Gool, Luc},
	editor = {Leonardis, Aleš and Bischof, Horst and Pinz, Axel},
	year = {2006},
	doi = {10.1007/11744023_32},
	note = {Series Title: Lecture Notes in Computer Science},
	pages = {404--417},
}

@inproceedings{mikolajczyk_indexing_2001,
	title = {Indexing based on scale invariant interest points},
	volume = {1},
	doi = {10.1109/ICCV.2001.937561},
	booktitle = {Proceedings {Eighth} {IEEE} {International} {Conference} on {Computer} {Vision}. {ICCV} 2001},
	author = {Mikolajczyk, K. and Schmid, C.},
	month = jul,
	year = {2001},
	keywords = {affine illumination changes, computer vision, database indexing, Detectors, Filters, Harris interest point detector, Image databases, indexing, Indexing, Laplace equations, Layout, Lighting, multi-scale representation, normalized derivatives, Robustness, scale invariant interest points, scale invariant points},
	pages = {525--531 vol.1},
}


# CV textbooks
@article{grauman2011visual,
  title={Visual object recognition},
  author={Grauman, Kristen and Leibe, Bastian},
  journal={Synthesis lectures on artificial intelligence and machine learning},
  volume={5},
  number={2},
  pages={1--181},
  year={2011},
  publisher={Morgan \& Claypool Publishers}
}

@book{szeliski2010computer,
  title={Computer vision: algorithms and applications},
  author={Szeliski, Richard},
  year={2010},
  publisher={Springer Science \& Business Media}
}

@book{Forsyth:2002,
 author = {Forsyth, David A. and Ponce, Jean},
 title = {Computer Vision: A Modern Approach},
 year = {2002},
 isbn = {0130851981},
 publisher = {Prentice Hall Professional Technical Reference},
} 

@article{Kong2013,
author = {Kong, Hui and Akakin, Hatice Cinar and Sarma, Sanjay E.},
doi = {10.1109/TSMCB.2012.2228639},
file = {:home/scott/Downloads/06408211.pdf:pdf},
isbn = {2168-2267},
issn = {21682267},
journal = {IEEE Transactions on Cybernetics},
keywords = {Blob detection,generalized Laplacian of Gaussian (LoG) (gLoG),nuclei (cell) splitting,scale space,texture orientation estimation,vanishing point detection},
mendeley-groups = {blob-deformation-detection,Computer Vision/Machine Learning},
number = {6},
pages = {1719--1733},
pmid = {23757570},
publisher = {IEEE},
title = {{A generalized laplacian of gaussian filter for blob detection and its applications}},
volume = {43},
year = {2013}
}


# insar detections
@article{anantrasirichai2018application,
  title={Application of machine learning to classification of volcanic deformation in routinely generated InSAR data},
  author={Anantrasirichai, Nantheera and Biggs, Juliet and Albino, Fabien and Hill, P and Bull, D},
  journal={Journal of Geophysical Research: Solid Earth},
  volume={123},
  number={8},
  pages={6592--6606},
  year={2018},
  publisher={Wiley Online Library}
}
