% InSAR Processing
@ARTICLE{Rosen2000,
author={Rosen, P.A. and Hensley, S. and Joughin, I.R. and Fuk K.Li and Madsen, S.N. and Rodriguez, E. and Goldstein, Richard M.},
journal={Proceedings of the IEEE},
title={{Synthetic Aperture Radar Interferometry}},
year={2000},
volume={88},
number={3},
pages={333-382},
doi={10.1109/5.838084},
ISSN={0018-9219},
}

@article{burgmann2000synthetic,
  title={Synthetic aperture radar interferometry to measure Earthâ€™s surface topography and its deformation},
  author={B{\"u}rgmann, Roland and Rosen, Paul A and Fielding, Eric J},
  journal={Annual review of earth and planetary sciences},
  volume={28},
  number={1},
  pages={169--209},
  year={2000},
  publisher={Annual Reviews 4139 El Camino Way, PO Box 10139, Palo Alto, CA 94303-0139, USA}
}


@inproceedings{potin2016sentinel,
  title={Sentinel-1 mission status},
  author={Potin, Pierre and Rosich, Betlem and Grimont, Patrick and Miranda, Nuno and Shurmer, Ian and O'Connell, Alistair and Torres, Ramon and Krassenburg, Mike},
  booktitle={Proceedings of EUSAR 2016: 11th European Conference on Synthetic Aperture Radar},
  pages={1--6},
  year={2016},
  organization={VDE}
}

@book{Hanssen2001,
  title={Radar Interferometry: Data Interpretation and Error Analysis},
  author={Hanssen, R.F.},
  isbn={9780792369455},
  lccn={00103373},
  series={Remote Sensing and Digital Image Processing},
  year={2001},
  publisher={Springer}
}

@ARTICLE{ZebkerMocomp,
author={Zebker, H. A. and Hensley, S. and Shanker, P. and Wortham, C.},
journal={Geoscience and Remote Sensing, IEEE Transactions on},
title={Geodetically Accurate {InSAR} Data Processor},
year={2010},
volume={48},
number={12},
pages={4309-4321},
doi={10.1109/TGRS.2010.2051333},
ISSN={0196-2892},}

@article{zebker2017user,
  title={User-friendly InSAR data products: fast and simple timeseries processing},
  author={Zebker, Howard A},
  journal={IEEE Geoscience and Remote Sensing Letters},
  volume={14},
  number={11},
  pages={2122--2126},
  year={2017},
  publisher={IEEE}
}

@article{zheng2017phase,
  title={Phase correction of single-look complex radar images for user-friendly efficient interferogram formation},
  author={Zheng, Yujie and Zebker, Howard A},
  journal={IEEE Journal of Selected Topics in Applied Earth Observations and Remote Sensing},
  volume={10},
  number={6},
  pages={2694--2701},
  year={2017},
  publisher={IEEE}
}


@article{Chen2001, 
author = {Curtis W. Chen and Howard A. Zebker}, 
journal = {Journal of the Optical Society of America A}, 
number = {2}, 
pages = {338-351}, 
publisher = {OSA},
title = {Two-dimensional phase unwrapping with use of statistical models for cost functions in nonlinear optimization}, 
volume = {18}, 
month = {Feb},
year = {2001},
doi = {10.1364/JOSAA.18.000338},
}

@ARTICLE{SBAS2002,
author={Berardino, P. and Fornaro, G. and Lanari, R. and Sansosti, E.},
journal={Geoscience and Remote Sensing, IEEE Transactions on},
title={{A new algorithm for surface deformation monitoring based on small baseline differential {SAR} interferograms}},
year={2002},
volume={40},
number={11},
pages={2375-2383},
doi={10.1109/TGRS.2002.803792},
ISSN={0196-2892},
}

@article{Sandwell1998,
author = {Sandwell, David T. and Price, Evelyn J.},
title = {Phase gradient approach to stacking interferograms},
journal = {Journal of Geophysical Research: Solid Earth},

volume = {103},
number = {B12},
pages = {30183-30204},
doi = {10.1029/1998JB900008},
url = {https://agupubs.onlinelibrary.wiley.com/doi/abs/10.1029/1998JB900008},
eprint = {https://agupubs.onlinelibrary.wiley.com/doi/pdf/10.1029/1998JB900008},
year = {1998}
}

@article{nasa2013nasa,
  title={NASA Shuttle Radar Topography Mission Global 1 arc second},
  author={Nasa, JPL},
  journal={Nasa Lp Daac},
  volume={15},
  year={2013}
}

# Softwares / packages
@inproceedings{rosen2012insar,
  title={The InSAR scientific computing environment},
  author={Rosen, Paul A and Gurrola, Eric and Sacco, Gian Franco and Zebker, Howard},
  booktitle={EUSAR 2012; 9th European Conference on Synthetic Aperture Radar},
  pages={730--733},
  year={2012},
  organization={VDE}
}
@article{sandwell2011open,
  title={Open radar interferometry software for mapping surface deformation},
  author={Sandwell, David and Mellors, Rob and Tong, Xiaopeng and Wei, Matt and Wessel, Paul},
  journal={Eos, Transactions American Geophysical Union},
  volume={92},
  number={28},
  pages={234--234},
  year={2011},
  publisher={Wiley Online Library}
}
# MintPy
@article{yunjun2019mintpy,
  title={Small baseline InSAR time series analysis: Unwrapping error correction and noise reduction},
  author={Yunjun, Zhang and Fattahi, Heresh and Amelung, Falk},
  journal={Computers \& Geosciences},
  volume={133},
  pages={104331},
  year={2019},
  publisher={Elsevier}
}



@article{lauknes2010insar,
  title={InSAR deformation time series using an $ L_1 $-norm small-baseline approach},
  author={Lauknes, Tom R and Zebker, Howard A and Larsen, Yngvar},
  journal={IEEE Transactions on Geoscience and Remote Sensing},
  volume={49},
  number={1},
  pages={536--546},
  year={2010},
  publisher={IEEE}
}




% Errors
@ARTICLE{Zebker1994,
author={H. A. {Zebker} and C. L. {Werner} and P. A. {Rosen} and S. {Hensley}},
journal={IEEE Transactions on Geoscience and Remote Sensing},
title={Accuracy of topographic maps derived from {ERS-1} interferometric radar},
year={1994},
volume={32},
number={4},
pages={823-836},
doi={10.1109/36.298010},
ISSN={0196-2892},
month={July},}

@article{Goldstein1995atmospheric,
  title={Atmospheric limitations to repeat-track radar interferometry},
  author={Goldstein, Richard},
  journal={Geophysical research letters},
  volume={22},
  number={18},
  pages={2517--2520},
  year={1995},
  publisher={Wiley Online Library}
}


@ARTICLE{Fattahi2013,
author={H. {Fattahi} and F. {Amelung}},
journal={IEEE Transactions on Geoscience and Remote Sensing},
title={{DEM} Error Correction in {InSAR} Time Series},
year={2013},
volume={51},
number={7},
pages={4249-4259},
doi={10.1109/TGRS.2012.2227761},
ISSN={0196-2892},
month={July},}


@inproceedings{Wegmuller2006,
  title={Ionospheric electron concentration effects on {SAR} and {InSAR}},
  author={Wegm{\"u}ller, Urs and Werner, Charles and Strozzi, Tazio and Wiesmann, Andreas},
  booktitle={Proc. IGARSS},
  volume={6},
  year={2006}
}

@article{Fattahi2017,
author = {Fattahi, Heresh and Simons, Mark and Agram, Piyush},
year = {2017},
month = {07},
pages = {1-13},
title = {{InSAR} Time-Series Estimation of the Ionospheric Phase Delay: An Extension of the Split Range-Spectrum Technique},
volume = {PP},
journal = {IEEE Transactions on Geoscience and Remote Sensing},
doi = {10.1109/TGRS.2017.2718566}
}

@ARTICLE{Liang2019,
author={C. {Liang} and P. {Agram} and M. {Simons} and E. J. {Fielding}},
journal={IEEE Transactions on Geoscience and Remote Sensing},
title={Ionospheric Correction of InSAR Time Series Analysis of C-band Sentinel-1 TOPS Data},
year={2019},
volume={57},
number={9},
pages={6755-6773},
doi={10.1109/TGRS.2019.2908494},
ISSN={1558-0644},
month={Sep.},}

@ARTICLE{Zebker1992,
author={H. A. {Zebker} and J. {Villasenor}},
journal={IEEE Transactions on Geoscience and Remote Sensing},
title={Decorrelation in interferometric radar echoes},
year={1992},
volume={30},
number={5},
pages={950-959},
doi={10.1109/36.175330},
ISSN={0196-2892},
month={Sep.},}


@article {Zebker1997,
author = {Zebker, Howard A. and Rosen, Paul A. and Hensley, Scott},
title = {Atmospheric effects in {Interferometric Synthetic Aperture Radar} surface deformation and topographic maps},
journal = {Journal of Geophysical Research: Solid Earth},
volume = {102},
number = {B4},
issn = {2156-2202},
doi = {10.1029/96JB03804},
pages = {7547--7563},
year = {1997},
}

@article {Emardson2003,
author = {Emardson, T. R. and Simons, M. and Webb, F. H.},
title = {Neutral atmospheric delay in {Interferometric Synthetic Aperture Radar} applications: Statistical description and mitigation},
journal = {Journal of Geophysical Research: Solid Earth},
volume = {108},
number = {B5},
issn = {2156-2202},
doi = {10.1029/2002JB001781},
year = {2003},
note = {2231},
}

@article{Doin2009,
author = {M.P. Doin and C. Lasserre and G. Peltzer and O. Cavalie and C. Doubre},
title = {Corrections of stratified tropospheric delays in {SAR} interferometry: validation with global atmospheric models},
journal = {Journal of Applied Geophysics},
volume = {69},
number = {1},
pages = {35 - 50},
year = {2009},
issn = {0926-9851},
doi = {10.1016/j.jappgeo.2009.03.010},
}

@article{lauknes2011insar,
  title={InSAR tropospheric stratification delays: Correction using a small baseline approach},
  author={Lauknes, Tom R},
  journal={IEEE Geoscience and Remote Sensing Letters},
  volume={8},
  number={6},
  pages={1070--1074},
  year={2011},
  publisher={IEEE}
}


@article{Bekaert2015statistical,
  title={Statistical comparison of InSAR tropospheric correction techniques},
  author={Bekaert, DPS and Walters, RJ and Wright, TJ and Hooper, AJ and Parker, DJ},
  journal={Remote Sensing of Environment},
  volume={170},
  pages={40--47},
  year={2015},
  publisher={Elsevier}
}

@article{Murray2019tropospheric,
  title={Tropospheric corrections for InSAR: statistical assessments and applications to the Central United States and Mexico},
  author={Murray, Kyle D and Bekaert, David PS and Lohman, Rowena B},
  journal={Remote Sensing of Environment},
  volume={232},
  pages={111326},
  year={2019},
  publisher={Elsevier}
}

@article{michaelides2019algorithm,
  title={An Algorithm for Estimating and Correcting Decorrelation Phase From InSAR Data Using Closure Phase Triplets},
  author={Michaelides, Roger J and Zebker, Howard A and Zheng, Yujie},
  journal={IEEE Transactions on Geoscience and Remote Sensing},
  volume={57},
  number={12},
  pages={10390--10397},
  year={2019},
  publisher={IEEE}
}

% Packages
        % 1 GACOS citation
@article{yu2017generation,  
  title={Generation of real-time mode high-resolution water vapor fields from GPS observations},
  author={Yu, Chen and Penna, Nigel T and Li, Zhenhong},
  journal={Journal of Geophysical Research: Atmospheres},
  volume={122},
  number={3},
  pages={2008--2025},
  year={2017},
  publisher={Wiley Online Library}
}
% 2 GACOS
@article{yu2018interferometric,
  title={Interferometric synthetic aperture radar atmospheric correction using a GPS-based iterative tropospheric decomposition model},
  author={Yu, Chen and Li, Zhenhong and Penna, Nigel T},
  journal={Remote Sensing of Environment},
  volume={204},
  pages={109--121},
  year={2018},
  publisher={Elsevier}
}


    % giant
@article{agram2013new,
  title={New radar interferometric time series analysis toolbox released},
  author={Agram, PS and Jolivet, Romain and Riel, Bryan and Lin, YN and Simons, Mark and Hetland, Eric and Doin, M-P and Lasserre, C{\'e}cile},
  journal={Eos, Transactions American Geophysical Union},
  volume={94},
  number={7},
  pages={69--70},
  year={2013},
  publisher={Wiley Online Library}
}

@article{morishita2020licsbas,
  title={LiCSBAS: An Open-Source InSAR Time Series Analysis Package Integrated with the LiCSAR Automated Sentinel-1 InSAR Processor},
  author={Morishita, Yu and Lazecky, Milan and Wright, Tim J and Weiss, Jonathan R and Elliott, John R and Hooper, Andy},
  journal={Remote Sensing},
  volume={12},
  number={3},
  pages={424},
  year={2020},
  publisher={Multidisciplinary Digital Publishing Institute}
}

%STAMPS
@article{hooper2012recent,
  title={Recent advances in SAR interferometry time series analysis for measuring crustal deformation},
  author={Hooper, Andrew and Bekaert, David and Spaans, Karsten and Ar{\i}kan, Mahmut},
  journal={Tectonophysics},
  volume={514},
  pages={1--13},
  year={2012},
  publisher={Elsevier}
}



% Applications
@ARTICLE{Massonnet1993,
author = {{Massonnet}, D. and {Rossi}, M. and {Carmona}, C. and {Adragna}, F. and 
	{Peltzer}, G. and {Feigl}, K. and {Rabaute}, T.},
title = {{The displacement field of the Landers earthquake mapped by radar interferometry}},
journal = {Nature},
year = 1993,
month = jul,
volume = 364,
pages = {138-142},
doi = {10.1038/364138a0},
}

@Article{Elliott2016,
author={Elliott, J. R. and Walters, R. J. and Wright, T. J.},
title={The role of space-based observation in understanding and responding to active tectonics and earthquakes},
journal={Nature Communications},
year={2016},
volume={7},
number={1},
pages={13844},
issn={2041-1723},
doi={10.1038/ncomms13844},
url={https://doi.org/10.1038/ncomms13844}
}

@article{huang2017fault,
  title={Fault geometry inversion and slip distribution of the 2010 Mw 7.2 El Mayor-Cucapah earthquake from geodetic data},
  author={Huang, Mong-Han and Fielding, Eric J and Dickinson, Haylee and Sun, Jianbao and Gonzalez-Ortega, J Alejandro and Freed, Andrew M and B{\"u}rgmann, Roland},
  journal={Journal of Geophysical Research: Solid Earth},
  volume={122},
  number={1},
  pages={607--621},
  year={2017},
  publisher={Wiley Online Library}
}

@article{moore20192017,
  title={The 2017 Eruption of Erta'Ale Volcano, Ethiopia: Insights Into the Shallow Axial Plumbing System of an Incipient Mid-Ocean Ridge},
  author={Moore, C and Wright, T and Hooper, A and Biggs, J},
  journal={Geochemistry, Geophysics, Geosystems},
  year={2019},
  publisher={Wiley Online Library}
}

@article{metois2020subsidence,
  title={Subsidence associated with oil extraction, measured from time series analysis of Sentinel-1 data: case study of the Patos-Marinza oil field, Albania.},
  author={M{\'e}tois, Marianne and Benjelloun, Mouna and Lasserre, C{\'e}cile and Barrier, Laurie and Dushi, Edmond and Ko{\c{c}}i, Rexhep and others},
  journal={Solid Earth},
  volume={11},
  number={2},
  pages={363--363},
  year={2020},
  publisher={Copernicus GmbH}
}

@article{semple2017incomplete,
  title={An Incomplete Inventory of Suspected Human-Induced Surface Deformation in North America Detected by Satellite Interferometric Synthetic-Aperture Radar},
  author={Semple, Alana G and Pritchard, Matthew E and Lohman, Rowena B},
  journal={Remote Sensing},
  volume={9},
  number={12},
  pages={1296},
  year={2017},
  publisher={Multidisciplinary Digital Publishing Institute}
}


@article{deng2020surface,
  title={Surface deformation and induced seismicity due to fluid injection and oil and gas extraction in western Texas},
  author={Deng, Fanghui and Dixon, Timothy H and Xie, Surui},
  journal={Journal of Geophysical Research: Solid Earth},
  pages={e2019JB018962},
  year={2020},
  publisher={Wiley Online Library}
}


@article{burbey2008influence,
  title={The influence of geologic structures on deformation due to ground water withdrawal},
  author={Burbey, Thomas J},
  journal={Groundwater},
  volume={46},
  number={2},
  pages={202--211},
  year={2008},
  publisher={Wiley Online Library}
}


% Math
@article{Hampel1974,
	title = {The {Influence} {Curve} and its {Role} in {Robust} {Estimation}},
	volume = {69},
	issn = {0162-1459, 1537-274X},
	url = {http://www.tandfonline.com/doi/abs/10.1080/01621459.1974.10482962},
	doi = {10.1080/01621459.1974.10482962},
	language = {en},
	number = {346},
	urldate = {2019-10-14},
	journal = {Journal of the American Statistical Association},
	author = {Hampel, Frank R.},
	month = jun,
	year = {1974},
	pages = {383--393},
}

@article{Rousseeuw2011,
  title={Robust statistics for outlier detection},
  author={Rousseeuw, Peter J and Hubert, Mia},
  journal={Wiley Interdisciplinary Reviews: Data Mining and Knowledge Discovery},
  volume={1},
  number={1},
  pages={73--79},
  year={2011},
  publisher={Wiley Online Library}
}

@article{filliben1975probability,
  title={The probability plot correlation coefficient test for normality},
  author={Filliben, James J},
  journal={Technometrics},
  volume={17},
  number={1},
  pages={111--117},
  year={1975},
  publisher={Taylor \& Francis Group}
}


% Misc
@article{qgis,
  title={QGIS geographic information system},
  author={QGIS Development Team and others},
  journal={Open source geospatial Foundation project},
  year={2020}
}

% Geodetic studies - GPS
@article{Blewitt2018,
title={Harnessing the GPS Data Explosion for Interdisciplinary Science},
author={Blewitt, G. and W.C. Hammond and C. Kreemer},
journal={EOS},
year={2018},
volume={99},
doi={https://doi.org/10.1029/2018EO104623}
}

% My stuff
@article{staniewicz2020insar,
  title={InSAR Reveals Complex Surface Deformation Patterns Over an 80,000 km 2 Oil-Producing Region in the Permian Basin},
  author={Staniewicz, Scott and Chen, Jingyi and Lee, Hunjoo and Olson, Jon and Savvaidis, Alexandros and Reedy, Robert and Breton, Caroline and Rathje, Ellen and Hennings, Peter},
  journal={Geophysical Research Letters},
  volume={47},
  number={21},
  pages={e2020GL090151},
  year={2020},
  publisher={Wiley Online Library}
}


@inproceedings{staniewicz2019automatic,
  title={Automatic Detection of InSAR Deformation Signals Associated with Hydrocarbon Production and Wastewater Injection using Laplacian of Gaussian Filtering},
  author={Staniewicz, Scott and Chen, Jingyi and Rathje, Ellen and Olson, Jon},
  booktitle={IGARSS 2019-2019 IEEE International Geoscience and Remote Sensing Symposium},
  pages={433--436},
  year={2019},
  organization={IEEE}
}
