% InSAR
@ARTICLE{Massonnet1993,
author = {{Massonnet}, D. and {Rossi}, M. and {Carmona}, C. and {Adragna}, F. and 
	{Peltzer}, G. and {Feigl}, K. and {Rabaute}, T.},
title = {{The displacement field of the Landers earthquake mapped by radar interferometry}},
journal = {Nature},
year = 1993,
month = jul,
volume = 364,
pages = {138-142},
doi = {10.1038/364138a0},
}

@Article{Elliott2016,
author={Elliott, J. R. and Walters, R. J. and Wright, T. J.},
title={The role of space-based observation in understanding and responding to active tectonics and earthquakes},
journal={Nature Communications},
year={2016},
volume={7},
number={1},
pages={13844},
issn={2041-1723},
doi={10.1038/ncomms13844},
url={https://doi.org/10.1038/ncomms13844}
}

@ARTICLE{Zebker1992,
author={H. A. {Zebker} and J. {Villasenor}},
journal={IEEE Transactions on Geoscience and Remote Sensing},
title={Decorrelation in interferometric radar echoes},
year={1992},
volume={30},
number={5},
pages={950-959},
doi={10.1109/36.175330},
ISSN={0196-2892},
month={Sep.},}

@ARTICLE{Zebker1994,
author={H. A. {Zebker} and C. L. {Werner} and P. A. {Rosen} and S. {Hensley}},
journal={IEEE Transactions on Geoscience and Remote Sensing},
title={Accuracy of topographic maps derived from {ERS-1} interferometric radar},
year={1994},
volume={32},
number={4},
pages={823-836},
doi={10.1109/36.298010},
ISSN={0196-2892},
month={July},}

@article {Zebker1997,
author = {Zebker, Howard A. and Rosen, Paul A. and Hensley, Scott},
title = {Atmospheric effects in {Interferometric Synthetic Aperture Radar} surface deformation and topographic maps},
journal = {Journal of Geophysical Research: Solid Earth},
volume = {102},
number = {B4},
issn = {2156-2202},
doi = {10.1029/96JB03804},
pages = {7547--7563},
year = {1997},
}

@ARTICLE{Fattahi2013,
author={H. {Fattahi} and F. {Amelung}},
journal={IEEE Transactions on Geoscience and Remote Sensing},
title={{DEM} Error Correction in {InSAR} Time Series},
year={2013},
volume={51},
number={7},
pages={4249-4259},
doi={10.1109/TGRS.2012.2227761},
ISSN={0196-2892},
month={July},}

@ARTICLE{Liang2019,
author={C. {Liang} and P. {Agram} and M. {Simons} and E. J. {Fielding}},
journal={IEEE Transactions on Geoscience and Remote Sensing},
title={Ionospheric Correction of InSAR Time Series Analysis of C-band Sentinel-1 TOPS Data},
year={2019},
volume={57},
number={9},
pages={6755-6773},
doi={10.1109/TGRS.2019.2908494},
ISSN={1558-0644},
month={Sep.},}

@article {Emardson2003,
author = {Emardson, T. R. and Simons, M. and Webb, F. H.},
title = {Neutral atmospheric delay in {Interferometric Synthetic Aperture Radar} applications: Statistical description and mitigation},
journal = {Journal of Geophysical Research: Solid Earth},
volume = {108},
number = {B5},
issn = {2156-2202},
doi = {10.1029/2002JB001781},
year = {2003},
note = {2231},
}

@article{Doin2009,
author = {M.P. Doin and C. Lasserre and G. Peltzer and O. Cavalie and C. Doubre},
title = {Corrections of stratified tropospheric delays in {SAR} interferometry: validation with global atmospheric models},
journal = {Journal of Applied Geophysics},
volume = {69},
number = {1},
pages = {35 - 50},
year = {2009},
issn = {0926-9851},
doi = {10.1016/j.jappgeo.2009.03.010},
}

@ARTICLE{SBAS2002,
author={Berardino, P. and Fornaro, G. and Lanari, R. and Sansosti, E.},
journal={Geoscience and Remote Sensing, IEEE Transactions on},
title={{A new algorithm for surface deformation monitoring based on small baseline differential {SAR} interferograms}},
year={2002},
volume={40},
number={11},
pages={2375-2383},
doi={10.1109/TGRS.2002.803792},
ISSN={0196-2892},
}

@article{Sandwell1998,
author = {Sandwell, David T. and Price, Evelyn J.},
title = {Phase gradient approach to stacking interferograms},
journal = {Journal of Geophysical Research: Solid Earth},

volume = {103},
number = {B12},
pages = {30183-30204},
doi = {10.1029/1998JB900008},
url = {https://agupubs.onlinelibrary.wiley.com/doi/abs/10.1029/1998JB900008},
eprint = {https://agupubs.onlinelibrary.wiley.com/doi/pdf/10.1029/1998JB900008},
year = {1998}
}

% Geodetic studies - GPS
@article{Blewitt2018,
title={Harnessing the GPS Data Explosion for Interdisciplinary Science},
author={Blewitt, G. and W.C. Hammond and C. Kreemer},
journal={EOS},
year={2018},
volume={99},
doi={https://doi.org/10.1029/2018EO104623}
}

@article{Segall1997,
author = {Segall, Paul and Davis, James L.},
title = {GPS APPLICATIONS FOR GEODYNAMICS AND EARTHQUAKE STUDIES},
journal = {Annual Review of Earth and Planetary Sciences},
volume = {25},
number = {1},
pages = {301-336},
year = {1997},
doi = {10.1146/annurev.earth.25.1.301},
URL = {https://doi.org/10.1146/annurev.earth.25.1.301},
eprint = {https://doi.org/10.1146/annurev.earth.25.1.301},
}

@book{Segall2010,
  title={Earthquake and Volcano Deformation},
  author={Segall, P.},
  isbn={9781400833856},
  url={https://books.google.com/books?id=x6Fp4hMBTpYC},
  year={2010},
  publisher={Princeton University Press}
}

% Permian Baisn - Induced Earthquakes
@article{Hubbert1951,
    author = {KING HUBBERT, M},
    title = "{MECHANICAL BASIS FOR CERTAIN FAMILIAR GEOLOGIC STRUCTURES}",
    journal = {GSA Bulletin},
    volume = {62},
    number = {4},
    pages = {355-372},
    year = {1951},
    month = {04},
    issn = {0016-7606},
    doi = {10.1130/0016-7606(1951)62[355:MBFCFG]2.0.CO;2},
    url = {https://doi.org/10.1130/0016-7606(1951)62[355:MBFCFG]2.0.CO;2},
    eprint = {https://pubs.geoscienceworld.org/gsabulletin/article-pdf/62/4/355/3416441/i0016-7606-62-4-355.pdf},
}

@Inbook{Waters2006,
author={Waters, George A. and Heinze, James R. and Jackson, Randy and Ketter, Aaron Allen and Daniels, John Leonard and Bentley, Doug},
chapter={Use of Horizontal Well Image Tools to Optimize Barnett Shale Reservoir Exploitation},
title={SPE-103202-MS},
year={2006},
publisher={Society of Petroleum Engineers},
address={San Antonio, Texas, USA},
pages={13},
isbn={978-1-55563-149-9},
doi={10.2118/103202-MS},
url={https://doi.org/10.2118/103202-MS}
}

@article{Nicot2014,
author = {Nicot, Jean-Philippe and Scanlon, Bridget and Reedy, Robert and Costley, Ruth},
year = {2014},
month = {01},
title = {Source and Fate of Hydraulic Fracturing Water in the Barnett Shale: A Historical Perspective},
volume = {48},
journal = {Environmental science and technology},
doi = {10.1021/es404050r}
}

@article{Frohlich2019,
title={Onset and cause of increased seismic activity near Pecos, West Texas, USA from observations at the Lajitas TXAR Seismic Array},
author={Frohlich, Cliff and Hayward, Chris and Rosenblit, Julia and Aiken, Chastity and Hennings, Peter and Savvaidis, Alexandros and Lemons, Casee and Horne, Elizabeth and Walter, Jacob I and DeShon, Heather R},
journal={Journal of Geophysical Research: Solid Earth},
year={2019},
publisher={Wiley Online Library}
}

@article{lomax2019improving,
	title={Improving absolute earthquake location in west Texas using probabilistic, proxy ground-truth station corrections},
	author={Lomax, Anthony and Savvaidis, Alexandros},
	journal={Journal of Geophysical Research: Solid Earth},
	year={2019},
	publisher={Wiley Online Library}
}
@article{savvaidis2020induced,
  title={Induced Seismicity in the Delaware Basin, West Texas, is Caused by Hydraulic Fracturing and Wastewater Disposal},
  author={Savvaidis, Alexandros and Lomax, Anthony and Breton, Caroline},
  journal={Bulletin of the Seismological Society of America},
  volume={110},
  number={5},
  pages={2225--2241},
  year={2020},
  publisher={Seismological Society of America}
}


@article{skoumal2019induced,
  title={Induced seismicity in the Delaware Basin, Texas},
  author={Skoumal, Robert J and Barbour, Andrew J and Brudzinski, Michael R and Langenkamp, Teresa and Kaven, J Ole},
  journal={Journal of Geophysical Research: Solid Earth},
  year={2019},
  publisher={Wiley Online Library}
}

@article{Ellsworth2013,
	title={Injection-induced earthquakes},
	author={Ellsworth, William L},
	journal={Science},
	volume={341},
	number={6142},
	pages={1225942},
	year={2013},
	publisher={American Association for the Advancement of Science}
}


@article{Shirzaei2016b,
	title = {Surface uplift and time-dependent seismic hazard due to fluid injection in eastern {Texas}},
	volume = {353},
	issn = {10959203},
	doi = {10.1126/science.aag0262},
	number = {6306},
	journal = {Science},
	author = {Shirzaei, Manoochehr and Ellsworth, William L. and Tiampo, Kristy F. and Gonz√°lez, Pablo J. and Manga, Michael},
	year = {2016},
	pmid = {27708035},
	note = {ISBN: 1095-9203 (Electronic) 0036-8075 (Linking)},
	keywords = {1pass},
	pages = {1416--1419},
}

% Permian Basin - data sources
@article{lemons2019spatiotemporal,
  title={Spatiotemporal and stratigraphic trends in salt-water disposal practices of the Permian Basin, Texas and New Mexico, United States},
  author={Lemons, Casee R and McDaid, Guinevere and Smye, Katie M and Acevedo, Juan P and Hennings, Peter H and Banerji, D Amy and Scanlon, Bridget R},
  journal={Environmental Geosciences},
  volume={26},
  number={4},
  pages={107--124},
  year={2019}
}

@article{savvaidis2019texnet,
	title={TexNet: A Statewide Seismological Network in Texas},
	author={Savvaidis, Alexandros and Young, Bissett and Huang, Guo-chin Dino and Lomax, Anthony},
	journal={Seismological Research Letters},
	year={2019},
	publisher={Seismological Society of America}
}

%

@Article{Kim2018,
author={Kim, Jin-Woo and Lu, Zhong},
title={Association between localized geohazards in West Texas and human activities, recognized by Sentinel-1A/B satellite radar imagery},
journal={Scientific Reports},
year={2018},
volume={8},
number={1},
pages={4727},
issn={2045-2322},
doi={10.1038/s41598-018-23143-6},
url={https://doi.org/10.1038/s41598-018-23143-6}
}

@Article{Zheng2019,
author={Zheng, Weiyu
and Kim, Jin-Woo
and Ali, Syed Tabrez
and Lu, Zhong},
title={Wastewater leakage in West Texas revealed by satellite radar imagery and numerical modeling},
journal={Scientific Reports},
year={2019},
volume={9},
number={1},
pages={14601},
issn={2045-2322},
doi={10.1038/s41598-019-51138-4},
url={https://doi.org/10.1038/s41598-019-51138-4}
}

% Geomechanical modeling
@article{Geertsma1973,
title={Land subsidence above compacting oil and gas reservoirs},
author={Geertsma, J and others},
journal={Journal of Petroleum Technology},
volume={25},
number={06},
pages={734--744},
year={1973},
publisher={Society of Petroleum Engineers}
}

@article{Segall1992,
author="Segall, Paul",
title="Induced stresses due to fluid extraction from axisymmetric reservoirs",
journal="pure and applied geophysics",
year="1992",
month="Sep",
day="01",
volume="139",
number="3",
pages="535--560",
issn="1420-9136",
doi="10.1007/BF00879950",
url="https://doi.org/10.1007/BF00879950"
}

@book{Carmichael1989,
  title={Practical Handbook of Physical Properties of Rocks and Minerals},
  author={Carmichael, R.S.},
  isbn={9780849337031},
  lccn={88021004},
  year={1988},
  publisher={CRC-Press},
}

@article{Shukla2013,
author={Shukla, P. and Kumar, V. and Curtis, M. and Sondergeld, C. H. and Rai, C. S.},
title={Nanoindentation Studies on Shales},
journal={American Rock Mechanics Association},
year={2013},
month={Jan},
}

@article{Okada1992,
    author = {Okada, Yoshimitsu},
    title = {Internal deformation due to shear and tensile faults in a half-space},
    journal = {Bulletin of the Seismological Society of America},
    volume = {82},
    number = {2},
    pages = {1018-1040},
    year = {1992},
    month = {04},
    issn = {0037-1106},
    eprint = {https://pubs.geoscienceworld.org/bssa/article-pdf/82/2/1018/2707430/BSSA0820021018.pdf},
}

@article{LundSnee2018,
    author = {Lund Snee, J.E. and Zoback, M.D.},
    title = {State of stress in the Permian Basin, Texas and New Mexico: Implications for induced seismicity},
    journal = {The Leading Edge},
    volume = {37},
    number = {2},
    pages = {127-134},
    year = {2018},
}

@article{Du1992,
    author = {Du, Yijun and Aydin, Atilla and Segall, Paul},
    title = "{Comparison of various inversion techniques as applied to the determination of a geophysical deformation model for the 1983 Borah Peak earthquake}",
    journal = {Bulletin of the Seismological Society of America},
    volume = {82},
    number = {4},
    pages = {1840-1866},
    year = {1992},
    month = {08},
    issn = {0037-1106},
    eprint = {https://pubs.geoscienceworld.org/bssa/article-pdf/82/4/1840/2707440/BSSA0820041840.pdf},
}

@article{Khakim2012,
title = "Geomechanical modeling for InSAR-derived surface deformation at steam-injection oil sand fields",
journal = "Journal of Petroleum Science and Engineering",
volume = "96-97",
pages = "152 - 161",
year = "2012",
issn = "0920-4105",
doi = "https://doi.org/10.1016/j.petrol.2012.08.003",
url = "http://www.sciencedirect.com/science/article/pii/S092041051200191X",
author = "M.Y.N. Khakim and Takeshi Tsuji and Toshifumi Matsuoka",
}

@article{Vasco2005,
author = {Don W. Vasco and Alessandro Ferretti},
title = {On the use of quasi-static deformation to understand reservoir fluid flow},
journal = {GEOPHYSICS},
volume = {70},
number = {4},
pages = {O13-O27},
year = {2005},
doi = {10.1190/1.1993711},
}

@article{Vasco2008,
author = {D. W. Vasco and Alessandro Ferretti and Fabrizio Novali},
title = {Reservoir monitoring and characterization using satellite geodetic data: Interferometric synthetic aperture radar observations from the Krechba field, Algeria},
journal = {GEOPHYSICS},
volume = {73},
number = {6},
pages = {WA113-WA122},
year = {2008},
doi = {10.1190/1.2981184},
}

@article{DU2001,
title = "A poroelastic reservoir model for predicting subsidence and mapping subsurface pressure fronts",
journal = "Journal of Petroleum Science and Engineering",
volume = "30",
number = "3",
pages = "181 - 197",
year = "2001",
issn = "0920-4105",
doi = "https://doi.org/10.1016/S0920-4105(01)00131-0",
url = "http://www.sciencedirect.com/science/article/pii/S0920410501001310",
author = "Jing Du and Jon E. Olson",
}
