
@article{filliben1975probability,
  title={The probability plot correlation coefficient test for normality},
  author={Filliben, James J},
  journal={Technometrics},
  volume={17},
  number={1},
  pages={111--117},
  year={1975},
  publisher={Taylor \& Francis Group}
}

# Gaussian random field detections in neuroimaging
@article{cheng_distribution_2015,
	title = {Distribution of the {Height} of {Local} {Maxima} of {Gaussian} {Random} {Fields}},
	volume = {18},
	issn = {1386-1999},
	url = {https://www.ncbi.nlm.nih.gov/pmc/articles/PMC4606970/},
	number = {2},
	urldate = {2021-01-19},
	journal = {Extremes},
	author = {Cheng, Dan and Schwartzman, Armin},
	month = jun,
	year = {2015},
	pmid = {26478714},
	pmcid = {PMC4606970},
	pages = {213--240},
	file = {Cheng_Schwartzman_2015_Distribution of the Height of Local Maxima of Gaussian Random Fields.pdf:/Users/scott/Zotero/storage/2EMPHGVX/Cheng_Schwartzman_2015_Distribution of the Height of Local Maxima of Gaussian Random Fields.pdf:application/pdf}
}

@article{cheng_multiple_2017,
	title = {{MULTIPLE} {TESTING} {OF} {LOCAL} {MAXIMA} {FOR} {DETECTION} {OF} {PEAKS} {IN} {RANDOM} {FIELDS}},
	volume = {45},
	issn = {0090-5364},
	url = {https://www.ncbi.nlm.nih.gov/pmc/articles/PMC6746560/},
	doi = {10.1214/16-AOS1458},
	number = {2},
	urldate = {2021-01-19},
	journal = {Annals of statistics},
	author = {Cheng, Dan and Schwartzman, Armin},
	month = apr,
	year = {2017},
	pmid = {31527989},
	pmcid = {PMC6746560},
	pages = {529--556},
	file = {Cheng_Schwartzman_2017_MULTIPLE TESTING OF LOCAL MAXIMA FOR DETECTION OF PEAKS IN RANDOM FIELDS.pdf:/Users/scott/Zotero/storage/NKZLZDUU/Cheng_Schwartzman_2017_MULTIPLE TESTING OF LOCAL MAXIMA FOR DETECTION OF PEAKS IN RANDOM FIELDS.pdf:application/pdf}
}

# Kernel density estimateion
@book{scott2015multivariate,
  title={Multivariate density estimation: theory, practice, and visualization},
  author={Scott, David W},
  year={2015},
  publisher={John Wiley \& Sons}
}

